@book{Wettl04,
  author    = {Ferenc Wettl and Gyula Mayer and Péter Szabó},
  publisher = {Panem Könyvkiadó},
  title     = {\LaTeX~kézikönyv},
  year      = {2004},
}

@article{Candy86,
  author       = {James C. Candy},
  journaltitle = {{IEEE} Trans.\ on Communications},
  month        = {01},
  note         = {\doi{10.1109/TCOM.1986.1096432}},
  number       = {1},
  pages        = {72--76},
  title        = {Decimation for Sigma Delta Modulation},
  volume       = {34},
  year         = {1986},
}

@inproceedings{Lee87,
  author    = {Wai L. Lee and Charles G. Sodini},
  booktitle = {Proc.\ of the IEEE International Symposium on Circuits and Systems},
  location  = {Philadelphia, PA, USA},
  month     = {05~4--7},
  pages     = {459--462},
  title     = {A Topology for Higher Order Interpolative Coders},
  vol       = {2},
  year      = {1987},
}

@thesis{KissPhD,
  author      = {Peter Kiss},
  institution = {Technical University of Timi\c{s}oara, Romania},
  month       = {04},
  title       = {Adaptive Digital Compensation of Analog Circuit Imperfections for Cascaded Delta-Sigma Analog-to-Digital Converters},
  type        = {phdthesis},
  year        = {2000},
}

@manual{spatan6,
  author       = {Raikovich Tamás},
  month        = {06},
  note         = {\url{http://logsys.mit.bme.hu/sites/default/files/page/2009/09/LOGSYS_SP6_FPGA_Board.pdf}},
  organization = {Budapesti Műszaki és Gazdaságtudományi Egyetem},
  title        = {LOGSYS SPARTAN-6 FPGA KÁRTYA (V2.1) FELHASZNÁLÓI ÚTMUTATÓ},
  year         = {2023},
}




@manual{sram,
	author       = {Cypress Perform},
	month        = {06},
	note         = {\url{https://datasheet.lcsc.com/lcsc/1804240720_Cypress-Semicon-CY7C1041DV33-10ZSXI_C32338.pdf}},
	organization = {Cypress Perform},
	title        = {CY7C1041DV33 - 4-Mbit (256 K × 16) Static RAM},
	year         = {2023},
}

@manual{jlcpcb,
	author       = {JLCPCB},
	month        = {06},
	note         = {\url{https://jlcpcb.com/capabilities/pcb-capabilities}},
	organization = {JLCPCB},
	title        = {PCB Manufacturing and Assembly Capabilities},
	year         = {2023},
}


@misc{DipPortal,
  author       = {{Budapesti Műszaki és Gazdaságtudományi Egyetem Villamosmérnöki és Informatikai Kar}},
  howpublished = {\url{http://diplomaterv.vik.bme.hu/}},
  title        = {Diplomaterv portál (2011. február 26.)},
}

@incollection{Mkrtychev:1997,
  author    = {Mkrtychev, Alexey},
  booktitle = {Logical Foundations of Computer Science},
  doi       = {10.1007/3-540-63045-7_27},
  editor    = {Adian, Sergei and Nerode, Anil},
  isbn      = {978-3-540-63045-6},
  pages     = {266-275},
  publisher = {Springer Berlin Heidelberg},
  series    = {Lecture Notes in Computer Science},
  title     = {Models for the logic of proofs},
  url       = {http://dx.doi.org/10.1007/3-540-63045-7_27},
  volume    = {1234},
  year      = {1997},
}

@report{Jeney,
  author      = {Jeney, Gábor},
  institution = {Budapesti Műszaki és Gazdaságtudományi Egyetem, Híradástechnikai Tanszék},
  location    = {Budapest},
  note        = {\url{http://www.mcl.hu/~jeneyg/kinezet.pdf}},
  title       = {Hogyan néz ki egy igényes dokumentum? {N}éhány szóban az alapvető tipográfiai szabályokról},
  type        = {techreport},
  year        = {2014},
}

